@misc{gruber2004markdownsyntax,
  author = {Gruber, John},
  title = {{M}arkdown Syntax Documentation},
  year = {2004},
  month = {mar},
  howpublished = {\url{https://daringfireball.net/projects/markdown/syntax}},
  note = {Accessed: 2025-09-21}
}

@misc{gruber2004introducing,
  author = {Gruber, John},
  title = {Introducing {M}arkdown},
  year = {2004},
  month = {mar},
  howpublished = {\url{https://daringfireball.net/2004/03/introducing_markdown}},
  note = {Accessed: 2025-09-21}
}

@article{ramsey1994literate,
  title={Literate programming simplified},
  author={Ramsey, Norman},
  journal={IEEE software},
  volume={11},
  number={5},
  pages={97--105},
  year={1994},
  publisher={IEEE}
}

@Misc{jjhadley,
  author =   {J J Allaire and Hadley Wickham},
  title =    {RStudio: 2022 and Beyond},
  howpublished = {\url{https://www.youtube.com/watch?v=u1Gzxg8Pd08}},
  month =    {July},
  day =       {25},
  year =     {2022}
}

@proceedings{rossini2001,
  author =       {Aaron J Rossini},
  title =        {Literate Statistical Practice},
  booktitle =    {Proceedings of the 2nd International Workshop on Distributed Statistical Computing},
  publisher =    {DSC},
  venue =        {Vienna, Austria},
  month =        {March},
  year =         {2001},
  isbn =         {1609-395X},
}

@book{stodden2014implementing,
  title={Implementing reproducible research},
  author={Stodden, Victoria and Leisch, Friedrich and Peng, Roger D},
  year={2014},
  publisher={Crc Press Boca Raton, FL}
}

@book{lamportlatex,
  title={{$\LaTeX$} -- A Document Preparation System -- User's Buide and Reference Manual},
  author={Lamport, Leslie},
  year={1985},
  ISBN={0-201-15790-X},
  publisher={Addison-Wesley Reading, MA}
}

@book{knuth1984texbook,
  title={The $\TeX$book},
  author={Donald Ervin Knuth},
  year={1984},
  publisher={Addison-Wesley Reading, MA}
}

@article{knuth84,
  author = {Donald Ervin Knuth},
  title = {Literate Programming},
  year = {1984},
  issue_date = {May 1984},
  publisher = {Oxford University Press, Inc.},
  address = {USA},
  volume = {27},
  number = {2},
  issn = {0010-4620},
  url = {https://doi.org/10.1093/comjnl/27.2.97},
  doi = {10.1093/comjnl/27.2.97},
  journal = {The Computer Journal},
  month = may,
  pages = {97â€“111},
  numpages = {15}
}


